<record><leader>00000cas a22000007a 4500</leader><controlfield tag="001">11314827</controlfield><controlfield tag="008">841026d18851919inuwr ne      0    0eng d</controlfield><datafield ind1=" " ind2=" " tag="010"><subfield code="a">sn 84045420 </subfield></datafield><datafield ind1=" " ind2=" " tag="040"><subfield code="a">NPI</subfield><subfield code="b">eng</subfield><subfield code="c">NPI</subfield><subfield code="d">OCLCQ</subfield></datafield><datafield ind1=" " ind2=" " tag="042"><subfield code="a">msc</subfield></datafield><datafield ind1="0" ind2="4" tag="245"><subfield code="a">The Garrett weekly clipper.</subfield></datafield><datafield ind1=" " ind2=" " tag="260"><subfield code="a">Garrett, Ind. :</subfield><subfield code="b">Little Bros.,</subfield><subfield code="c">1885-1919.</subfield></datafield><datafield ind1=" " ind2=" " tag="310"><subfield code="a">Weekly</subfield></datafield><datafield ind1="0" ind2=" " tag="362"><subfield code="a">Vol. 1, no. 2 (Oct. 29, 1885)-v. 36, no. 7 (Dec. 11, 1919).</subfield></datafield><datafield ind1=" " ind2=" " tag="752"><subfield code="a">United States</subfield><subfield code="b">Indiana</subfield><subfield code="c">De Kalb</subfield><subfield code="d">Garrett.</subfield></datafield><datafield ind1="0" ind2="0" tag="780"><subfield code="t">Garrett clipper (Garrett, Ind. : 1885)</subfield><subfield code="w">(DLC)sn 87056215</subfield></datafield><datafield ind1="0" ind2="0" tag="785"><subfield code="t">Garrett clipper (Garrett, Ind. : 1919)</subfield><subfield code="w">(DLC)sn 87056216</subfield></datafield></record>